=LDR  02201nim a2200313 c 4500
=001  999919917965502202
=005  20230307093900.0
=007  sd#f||||||||||
=008  180212s2018\\\\no\||||e\\\\\\\f\\\\nob|\
=020  \\$a978-82-421-7412-3$cNkr 399.00
=082  04$a839.8238$qNO-OsBAS$223/nor
=100  1\$aNesbø, Jo$d1960-$0(NO-TrBIB)90356569$1http://viaf.org/viaf/44460209$4http://rdaregistry.info/Elements/w/object/P10061
=240  \\$aMacbeth$1http://viaf.org/viaf/4357153289911832770005
=245  10$aMacbeth$h[lydopptak]$cJo Nesbø
=260  \\$a[Oslo]$bLydbokforl.$c2018
=300  \\$a14 CD-er (17 t, 6 min)$c12 cm, i eske
=306  \\$a170600
=336  \\$aspoken word$2rdacontent$0http://rdaregistry.info/termList/RDAContentType/1013
=337  \\$aaudio$2rdamedia$0http://rdaregistry.info/termList/RDAMediaType/1001
=338  \\$aaudio disc$2rdacarrier$0http://rdaregistry.info/termList/RDACarrierType/1004
=490  1\$a[The Hogarth Shakespeare-series]
=500  \\$aInspirert av William Shakespeares skuespill Macbeth. Inngår i Hogarth Shakespeare-prosjektet
=511  0\$aLest av Kai Remlov
=520  \\$aDen korrupte politimesteren  som har styrt industribyen ned i en hengemyr av korrupsjon, kriminalitet og kaos, er endelig død. Med dette er folkets håp tent, og maktkampen er i gang.   Førstebetjentene Macbeth og Duff, tidligere bestevenner fra barnehjemmet de vokste opp på, har begge markert seg i kampen mot byens to rivaliserende narkotikabander. Nå slåss de om samme høyere stilling i politiet. Imens legger Lady - byens mektige kasinoeier - ambisiøse og morderiske planer for seg og elskeren sin, Macbeth. «Macbeth» er Nesbøs bidrag til forlaget Hogarths Shakespeare-serie, som består av romaner en rekke anerkjente forfattere har skrevet med utgangspunkt i et Shakespeare-stykke.
=648  \7$a1970-1979$2bokbas$9nno
=648  \7$a1970-1979$2bokbas$9nob
=700  1\$aRemlov, Kai$d1946-$0(NO-TrBIB)98047893$1http://viaf.org/viaf/20146635593841981935$4http://rdaregistry.info/Elements/e/object/P20022
=758  \\$iInspirert av:$aMacbeth$1http://viaf.org/viaf/2304161819210527960001$4http://rdaregistry.info/Elements/w/P10290
=830  \4$aThe Hogarth Shakespeare-series

