=LDR  01209pam a2200277 i 4500
=001  018930975
=003  Uk
=005  20210310175039.0
=008  180510s2018\\\\enk\\\\\\\\\\\000|f|eng|d
=016  7\$a018930975$2Uk
=020  \\$a9780099598060$qB format paperback
=020  \\$a9780099598077$qA format paperback
=041  1\$aeng$hnor
=082  04$a839.8238$223
=100  1\$aNesbø, Jo$d1960-$eauthor.$1http://viaf.org/viaf/44460209$4http://rdaregistry.info/Elements/w/object/P10061
=240  \\$aMacbeth$1http://viaf.org/viaf/4357153289911832770005
=245  10$aMacbeth /$cJo Nesbo ; translated from the Norwegian by Don Bartlett.
=264  \1$aLondon :$bVintage,$c2018.
=300  \\$a611 pages ;$c20 cm
=336  \\$atext$2rdacontent$0http://rdaregistry.info/termList/RDAContentType/1020
=337  \\$aunmediated$2rdamedia$0http://rdaregistry.info/termList/RDAMediaType/1007
=338  \\$avolume$2rdacarrier$0http://rdaregistry.info/termList/RDACarrierType/1049
=500  \\$aFormerly CIP.$5Uk
=655  \0$aSuspense fiction.
=700  1\$aBartlett, Don$etranslator.$1http://viaf.org/viaf/78742232$4http://rdaregistry.info/Elements/e/object/P20037
=758  \\$iInspirert av:$aMacbeth$1http://viaf.org/viaf/2304161819210527960001$4http://rdaregistry.info/Elements/w/P10290

