=LDR  01412nam a2200289 c 4500
=001  999919917884502202
=005  20230601114840.0
=007  ta
=008  180319s2018\\\\no\\\\\e\|||||00||f\nob|\
=020  \\$a978-82-320-3268-6$qib.$qBestselgerforl.$cNkr 399.00$z9978-82-320-3268-6
=020  \\$z978-82-03-37150-9$qib.$qAschehoug
=020  \\$z978-82-525-8841-5$qib.$qBokklubben
=082  04$a839.8238$223/nor$qNO-OsNB
=100  1\$aNesbø, Jo$d1960-$0(NO-TrBIB)90356569$1http://viaf.org/viaf/44460209$4http://rdaregistry.info/Elements/w/object/P10061
=240  \\$aMacbeth$1http://viaf.org/viaf/4357153289911832770005
=245  10$aMacbeth :$broman$cJo Nesbø
=260  \\$aOslo$bAschehoug$c2018
=300  \\$a572 s.$c21 cm
=336  \\$atext$2rdacontent$0http://rdaregistry.info/termList/RDAContentType/1020
=337  \\$aunmediated$2rdamedia$0http://rdaregistry.info/termList/RDAMediaType/1007
=338  \\$avolume$2rdacarrier$0http://rdaregistry.info/termList/RDACarrierType/1049
=490  1\$a[The Hogarth Shakespeare-series]
=500  \\$a1. utg. Oslo : Aschehoug, 2018
=500  \\$aDenne utgaven er laget spesielt for Bestselgerforlaget
=500  \\$aInspirert av William Shakespeares skuespill Macbeth. Inngår i Hogarth Shakespeare-prosjektet
=758  \\$iInspirert av:$aMacbeth$1http://viaf.org/viaf/2304161819210527960001$4http://rdaregistry.info/Elements/w/P10290
=830  \4$aThe Hogarth Shakespeare-series

