=LDR  01021cam a2200265 c 4500
=001  990413315324702202
=005  20230531145908.0
=007  cr||||||||||||
=007  ta
=008  150112s2004\\\\no#|||||\|||||000|f|nob|\
=020  \\$a8203188044$qh.$cNkr 99.00
=020  \\$a9788203188046$qh.
=082  74$a839.823$qNO-OsNB$25/nor
=100  1\$aNesbø, Jo$d1960-$0(NO-TrBIB)90356569$1http://viaf.org/viaf/44460209$4http://rdaregistry.info/Elements/w/object/P10061
=240  \\$aMarekors$1http://viaf.org/viaf/1753145424623686830733
=245  10$aMarekors$cJo Nesbø
=260  \\$aOslo$bAschehoug$c2004
=300  \\$a419 s.
=336  \\$atext$2rdacontent$0http://rdaregistry.info/termList/RDAContentType/1020
=337  \\$aunmediated$2rdamedia$0http://rdaregistry.info/termList/RDAMediaType/1007
=338  \\$avolume$2rdacarrier$0http://rdaregistry.info/termList/RDACarrierType/1049
=490  1\$aAschehoug krim
=500  \\$a1. utg. 2003
=500  \\$aFra 7. oppl. 2006 med både 10- og 13-sifret ISBN
=758  1\$iFortsettelse av:$aSorgenfri$1http://viaf.org/viaf/496145424547186830921$4http://www.rdaregistry.info/Elements/w/object/#P10122
=830  \0$aAschehoug krim

