=LDR  02464cam a2200337 c 4500
=001  999920319502402202
=005  20230603091755.0
=007  ta
=008  220511s2022\\\\no\\\\\e\||||||0|\1\nob|\
=020  \\$a9788203395185$cNkr 449.00$qinnbundet$qAschehoug
=020  \\$a9788252593099$qinnbundet$qBokklubben
=082  04$a839.8238$qNO-OsBA$223/nor
=100  1\$aNesbø, Jo$d1960-$0(NO-TrBIB)90356569$4aut$1http://viaf.org/viaf/44460209$4http://rdaregistry.info/Elements/w/object/P10061
=240  \\$aBlodmåne$1http://viaf.org/viaf/5386167764307213890003
=245  10$aBlodmåne$cJo Nesbø
=264  \1$aOslo$bAschehoug$c[2022]
=300  \\$a487 sider
=336  \\$atext$2rdacontent$0http://rdaregistry.info/termList/RDAContentType/1020
=337  \\$aunmediated$2rdamedia$0http://rdaregistry.info/termList/RDAMediaType/1007
=338  \\$avolume$2rdacarrier$0http://rdaregistry.info/termList/RDACarrierType/1049
=336  \\$atekst$0http://rdaregistry.info/termList/RDAContentType/1020$2rdaco
=337  \\$auformidlet$0http://rdaregistry.info/termList/RDAMediaType/1007$2rdamt
=338  \\$abind$0http://rdaregistry.info/termList/RDACarrierType/1049$2rdact
=490  1\$aHarry Hole$v13
=500  \\$aDeler av opplaget også med Bokklubbens ISBN
=520  \\$aEtter å ha mistet det som betydde mest for ham drar Harry til LA for å drikke seg i hjel. Der møter han den eldre skuespilleren Lucille, som han redder fra et narkotikakartell hun skylder en million dollar. I gjengjeld gir hun ham husly og en skreddersydd dress. Da to jenter blir drept i Oslo vil Katrine Bratt kontakte Harry, men sjefene i politiet ønsker ikke lenger å samarbeide med ham. Derimot vil en av de mistenkte i saken, en eiendomsbaron, ansette ham som privatetterforsker. Harry er ikke interessert, men når narkotikakartellet tar Lucille som gissel har han ikke noe valg; han må løse saken for å få bonusen som dekker gjelden hennes, og han har bare ti dager på seg. Teamet hans består av en kokainselgende barndomsvenn, en kreftsyk psykolog og en korrupt politimann. Klokken tikker, og det er varslet blodmåne over Oslo. Boken inngår i BS bestselgerabonnement.
=536  \\$aKulturfond
=700  1\$aNesbø, Jo$d1960-$tBlodmåne$0(NO-TrBIB)90356569$1http://viaf.org/viaf/5386167764307213890003$4http://rdaregistry.info/Elements/w/object/P10061
=758  1\$iFortsettelse av:$aKniv$1http://viaf.org/viaf/73155464827102041322$4http://www.rdaregistry.info/Elements/w/object/#P10122
=767  0\$tBloedmaan$w999922163062902201$z978-94-031-0881-0
=780  00$tKniv$z9788203364181$z9788252589771
=800  1\$aNesbø, Jo$d1960-$tHarry Hole$v13$0(NO-TrBIB)90356569

