=LDR  01581nam a2200301 c 4500
=001  999920406499602202
=005  20230612173942.0
=007  ta
=008  230523s2023\\\\ne\\\\\e\|||||||||1|dut|\
=020  \\$a978-94-031-0881-0$qheftet
=041  1\$adut$hnob
=082  04$a839.8238$qNO-OsNB$223/nor/20230524
=100  1\$aNesbø, Jo$d1960-$0(NO-TrBIB)90356569$4aut$1http://viaf.org/viaf/44460209$4http://rdaregistry.info/Elements/w/object/P10061
=240  10$aBlodmåne$1http://viaf.org/viaf/5386167764307213890003
=245  10$aBloedmaan$cJo Nesbø
=264  \1$aAmsterdam$bCargo$c2023
=300  \\$a509 sider
=336  \\$atext$2rdacontent$0http://rdaregistry.info/termList/RDAContentType/1020
=337  \\$aunmediated$2rdamedia$0http://rdaregistry.info/termList/RDAMediaType/1007
=338  \\$avolume$2rdacarrier$0http://rdaregistry.info/termList/RDACarrierType/1049
=336  \\$atekst$0http://rdaregistry.info/termList/RDAContentType/1020$2rdaco
=337  \\$auformidlet$0http://rdaregistry.info/termList/RDAMediaType/1007$2rdamt
=338  \\$abind$0http://rdaregistry.info/termList/RDACarrierType/1049$2rdact
=536  \\$aNORLA
=700  1\$aNesbø, Jo$d1960-$tBlodmåne$lNederlandsk$0(NO-TrBIB)90356569$1http://viaf.org/viaf/5386167764307213890003$4http://rdaregistry.info/Elements/w/object/P10061
=700  1\$aVroom, Annelies de$0(NO-TrBIB)11034266$4trl$1http://viaf.org/viaf/6107504$4http://rdaregistry.info/Elements/e/object/P20037
=700  1\$iOversettelse av:$aNesbø, Jo$d1960-$tBlodmåne$lNorsk$0(NO-TrBIB)90356569$1http://viaf.org/viaf/5386167764307213890003
=758  1\$iFortsettelse av:$aKniv$1http://viaf.org/viaf/73155464827102041322$4http://www.rdaregistry.info/Elements/w/object/#P10122
=765  0\$tBlodmåne$w999921715082802201$z9788203395185

