=LDR  02598nam a2200325 c 4500
=001  999920085763502202
=005  20230601135001.0
=007  ta
=008  200505s2020\\\\no\\\\\e\|||||00|\f\nob|\
=020  \\$a9788203268656$qinnbundet$cNkr 399.00
=082  04$a839.8238$qNO-OsBAS$223/nor
=100  1\$aNesbø, Jo$d1960-$4aut$0(NO-TrBIB)90356569$1http://viaf.org/viaf/44460209$4http://rdaregistry.info/Elements/w/object/P10061
=240  10$aKongeriket$1http://viaf.org/viaf/7269159941690125440003
=245  10$aKongeriket :$broman$cJo Nesbø
=264  \1$aOslo$bAschehoug$c[2020]
=300  \\$a630 sider$c22 cm
=336  \\$atekst$0http://rdaregistry.info/termList/RDAContentType/1020$2rdaco
=337  \\$auformidlet$0http://www.rdaregistry.info/termList/RDAMediaType/1007$2rdamt
=338  \\$abind$0http://www.rdaregistry.info/termList/RDACarrierType/1049$2rdact
=380  \\$atext$0https://schema.nb.no/Bibliographic/Values/V1000
=520  \\$a«Jøss, så god han er ... en uhyggelig god roman, som ingen andre enn Nesbø kunne skrevet.» Cathrine Krøger, Dagbladet (Terningkast 6)  I en liten norsk bygd lever bilmekanikeren Roy et relativt fredelig og enkelt liv da lillebroren Carl vender hjem etter mange år i utlandet. Med Carl, hans nye kone Shannon og planene om et høyfjellshotell som kan skape nytt liv i den lille bygda, begynner mørke hemmeligheter fra guttenes barndom igjen å piple fram. Da de var små, forsvarte Roy broren mot mobbere og mørke rykter, men lojaliteten mellom brødrene settes på prøve når grådighet og svik kommer i veien for Carls planer. Når bygdas lensmann på nytt begynner å stille spørsmål ved det tragiske dødsfallet til guttenes foreldre, må Roy ta stilling til hvor langt han er villig til å gå for å beskytte broren. Og hvordan skal egentlig Roy forholde seg til at Shannon fanger hans oppmerksomhet?  Kongeriket er en mørk og mektig spenningsroman fra bygde-Norge - om ambisjoner, lojalitet og kjærlighet. Ikke minst er det en roman om hemmeligheter som truer med å kutte båndene mellom to brødre.
=536  \\$aKulturfond
=767  0\$tKaraļvalsts$w999921538406202201$z978-9934-0-9383-8
=767  0\$tKaralystė$w999921906864902201$z978-609-479-605-0
=767  0\$tKoninkrijk$w999921374593902201$z978-94-031-0871-1
=767  0\$tKralstvoto$w999921367591502201$z978-954-357-491-9
=767  0\$tKungariket$w999921245283402201$z978-91-0-018559-6
=767  0\$tKungariket$w999921353271702201$z978-91-0-018780-4
=767  0\$tKuningriik$w999921689560902201$z978-9985-3-5096-6
=767  0\$tThe Kingdom$w999921291394702201$z978-0-525-65541-1
=767  0\$tThe Kingdom$w999921353271802201$z978-1-784-70911-2

