=LDR  01358nam a2200265 c 4500
=001  999920101389902202
=005  20230601142534.0
=007  ta
=008  201113s2020\\\\sw\\\\\e\|||||00|\f\swe|\
=020  \\$a978-91-0-018559-6$qinnbundet
=041  1\$aswe$hnob
=082  04$a839.8238$223/nor$qNO-OsNB
=100  1\$aNesbø, Jo$d1960-$4aut$0(NO-TrBIB)90356569$1http://viaf.org/viaf/44460209$4http://rdaregistry.info/Elements/w/object/P10061
=240  10$aKongeriket$1http://viaf.org/viaf/7269159941690125440003$lSvensk
=245  10$aKungariket$cJo Nesbø ; översättning av Per Olaisen
=264  \1$a[Stockholm]$bAlbert Bonniers förlag$c[2020]
=300  \\$a605 sider$c23 cm
=336  \\$atekst$0http://rdaregistry.info/termList/RDAContentType/1020$2rdaco
=337  \\$auformidlet$0http://rdaregistry.info/termList/RDAMediaType/1007$2rdamt
=338  \\$abind$0http://rdaregistry.info/termList/RDACarrierType/1049$2rdact
=380  \\$atext$0https://schema.nb.no/Bibliographic/Values/V1000
=500  \\$aPå løst omslag: Thriller
=700  1\$aNesbø, Jo$d1960-$tKongeriket$lSvensk
=700  1\$aOlaisen, Per$d1971-$4trl$0(NO-TrBIB)97021990$1http://viaf.org/viaf/11821932$4http://rdaregistry.info/Elements/e/object/P20037
=700  1\$iOversettelse av:$aNesbø, Jo$d1960-$tKongeriket$1http://viaf.org/viaf/7269159941690125440003$lNorsk
=765  0\$tKongeriket$w999921099234502201$z9788203268656

