=LDR  01373nam a2200253 c 4500
=001  999920118904002202
=005  20230601144850.0
=007  ta
=008  210211s2020\\\\xxu\\\\e\|||||00|\f\eng|\
=020  \\$a978-0-525-65541-1$qinnbundet
=041  1\$aeng$hnob
=082  04$a839.8238$223/nor$qNO-OsNB
=100  1\$aNesbø, Jo$d1960-$4aut$0(NO-TrBIB)90356569$1http://viaf.org/viaf/44460209$4http://rdaregistry.info/Elements/w/object/P10061
=240  10$aKongeriket$1http://viaf.org/viaf/7269159941690125440003$lEngelsk
=245  14$aThe Kingdom$cJo Nesbø ; translated from the Norwegian by Robert Ferguson
=264  \1$aNew York$bAlfred A. Knopf$c2020
=300  \\$a549 sider$c25 cm
=336  \\$atekst$0http://rdaregistry.info/termList/RDAContentType/1020$2rdaco
=337  \\$auformidlet$0http://rdaregistry.info/termList/RDAMediaType/1007$2rdamt
=338  \\$abind$0http://rdaregistry.info/termList/RDACarrierType/1049$2rdact
=380  \\$atext$0https://schema.nb.no/Bibliographic/Values/V1000
=700  1\$aFerguson, Robert$d1948-$4trl$0(NO-TrBIB)90375214$1http://viaf.org/viaf/92839136$4http://rdaregistry.info/Elements/e/object/P20037
=700  1\$aNesbø, Jo$d1960-$$tKongeriket$lEngelsk
=700  1\$iOversettelse av:$aNesbø, Jo$d1960-$tKongeriket$1http://viaf.org/viaf/7269159941690125440003$lNorsk
=765  0\$tKongeriket$w999921099234502201$z9788203268656

