=LDR  01300nam a2200253 c 4500
=001  999920136897102202
=005  20230601151415.0
=007  ta
=008  210601s2021\\\\sw\\\\\e\|||||00|\f\swe|\
=020  \\$a978-91-0-018780-4$qheftet
=041  1\$aswe$hnob
=082  04$a839.8238$223/nor$qNO-OsNB
=100  1\$aNesbø, Jo$d1960-$4aut$0(NO-TrBIB)90356569$1http://viaf.org/viaf/44460209$4http://rdaregistry.info/Elements/w/object/P10061
=240  10$aKongeriket$1http://viaf.org/viaf/7269159941690125440003$lSvensk
=245  10$aKungariket$cJo Nesbø ; översättning av Per Olaisen
=264  \1$aStockholm$bAlbert Bonniers förlag$c[2021]
=300  \\$a605 sider$c21 cm
=336  \\$atekst$0http://rdaregistry.info/termList/RDAContentType/1020$2rdaco
=337  \\$auformidlet$0http://rdaregistry.info/termList/RDAMediaType/1007$2rdamt
=338  \\$abind$0http://rdaregistry.info/termList/RDACarrierType/1049$2rdact
=380  \\$atext$0https://schema.nb.no/Bibliographic/Values/V1000
=700  1\$aNesbø, Jo$d1960-$tKongeriket$lSvensk$0(NO-TrBIB)90356569
=700  1\$aOlaisen, Per$d1971-$4trl$0(NO-TrBIB)97021990$1http://viaf.org/viaf/11821932$4http://rdaregistry.info/Elements/e/object/P20037
=700  1\$iOversettelse av:$aNesbø, Jo$d1960-$tKongeriket$1http://viaf.org/viaf/7269159941690125440003$lNorsk$0(NO-TrBIB)90356569
=765  0\$tKongeriket$w999921099234502201$z9788203268656

