=LDR  01312nam a2200265 c 4500
=001  999920141799202202
=005  20230601152441.0
=007  ta
=008  210618s2021\\\\ne\\\\\e\|||||00|\f\dut|\
=020  \\$a978-94-031-0871-1$qheftet
=041  1\$adut$hnob
=082  04$a839.8238$223/nor$qNO-OsNB
=100  1\$aNesbø, Jo$d1960-$4aut$0(NO-TrBIB)90356569$1http://viaf.org/viaf/44460209$4http://rdaregistry.info/Elements/w/object/P10061
=240  10$aKongeriket$1http://viaf.org/viaf/7269159941690125440003$lNederlandsk
=245  10$aKoninkrijk$cJo Nesbø ; vertaald door Annelies de Vroom
=264  \1$aAmsterdam$bCargo$c2021
=300  \\$a508 sider$c23 cm
=336  \\$atekst$0http://rdaregistry.info/termList/RDAContentType/1020$2rdaco
=337  \\$auformidlet$0http://rdaregistry.info/termList/RDAMediaType/1007$2rdamt
=338  \\$abind$0http://rdaregistry.info/termList/RDACarrierType/1049$2rdact
=380  \\$atext$0https://schema.nb.no/Bibliographic/Values/V1000
=536  \\$aNORLA
=700  1\$aNesbø, Jo$d1960-$tKongeriket$lNorsk$0(NO-TrBIB)90356569
=700  1\$aVroom, Annelies de$4trl$0(NO-TrBIB)11034266$1http://viaf.org/viaf/6107504$4http://rdaregistry.info/Elements/e/object/P20037
=700  1\$iOversettelse av:$aNesbø, Jo$d1960-$tKongeriket$1http://viaf.org/viaf/7269159941690125440003$lNederlandsk$0(NO-TrBIB)90356569
=765  0\$tKongeriket$w999921099234502201$z9788203268656

