=LDR  01263nam a2200265 c 4500
=001  999920209807302202
=005  20230602063345.0
=007  ta
=008  220425s2021\\\\er\\\\\e\|||||||||1|est|\
=020  \\$a978-9985-3-5096-6$qheftet
=041  1\$aest$hnob
=082  04$a839.8238$223/nor$qNO-OsNB
=100  1\$aNesbø, Jo$d1960-$4aut$0(NO-TrBIB)90356569$1http://viaf.org/viaf/44460209$4http://rdaregistry.info/Elements/w/object/P10061
=240  10$aKongeriket$1http://viaf.org/viaf/7269159941690125440003$lEstisk
=245  10$aKuningriik$cJo Nesbø
=264  \1$aTallinn$bVarrak$c2021
=300  \\$a533 sider
=336  \\$atekst$0http://rdaregistry.info/termList/RDAContentType/1020$2rdaco
=337  \\$auformidlet$0http://rdaregistry.info/termList/RDAMediaType/1007$2rdamt
=338  \\$abind$0http://rdaregistry.info/termList/RDACarrierType/1049$2rdact
=380  \\$atext$0https://schema.nb.no/Bibliographic/Values/V1000
=536  \\$aNORLA
=700  1\$aHanso, Riina$d1984-$4trl$0(NO-TrBIB)13014328$1http://viaf.org/viaf/303126341$4http://rdaregistry.info/Elements/e/object/P20037
=700  1\$aNesbø, Jo$d1960-$tKongeriket$lEstisk$0(NO-TrBIB)90356569
=700  1\$iOversettelse av:$aNesbø, Jo$d1960-$tKongeriket$1http://viaf.org/viaf/7269159941690125440003$lNorsk$0(NO-TrBIB)90356569
=765  0\$tKongeriket$w999921099234502201$z9788203268656

