=LDR  01294nam a2200265 c 4500
=001  999920332796802202
=005  20230608124850.0
=007  ta
=008  221110s2022\\\\li\\\\\e\|||||||||1|lit|\
=020  \\$a978-609-479-605-0$qinnbundet
=041  1\$alit$hnob
=082  04$a839.8238$223/nor$qNO-OsNB
=100  1\$aNesbø, Jo$d1960-$4aut$0(NO-TrBIB)90356569$1http://viaf.org/viaf/44460209$4http://rdaregistry.info/Elements/w/object/P10061
=240  10$aKongeriket$1http://viaf.org/viaf/7269159941690125440003$lLitauisk
=245  10$aKaralystė$cJo Nesbø
=264  \1$aVilnius$bBaltos lankos$c[2022]
=300  \\$a639 sider
=336  \\$atekst$0http://rdaregistry.info/termList/RDAContentType/1020$2rdaco
=337  \\$auformidlet$0http://rdaregistry.info/termList/RDAMediaType/1007$2rdamt
=338  \\$abind$0http://rdaregistry.info/termList/RDACarrierType/1049$2rdact
=380  \\$atext$0https://schema.nb.no/Bibliographic/Values/V1000
=536  \\$aNORLA
=700  1\$aNepaitė, Justė$d1988-$4trl$0(NO-TrBIB)15017968$1http://viaf.org/viaf/98145970313132252267$4http://rdaregistry.info/Elements/e/object/P20037
=700  1\$aNesbø, Jo$d1960-$tKongeriket$lLitauisk$0(NO-TrBIB)90356569
=700  1\$iOversettelse av:$aNesbø, Jo$d1960-$tKongeriket$1http://viaf.org/viaf/7269159941690125440003$lNorsk$0(NO-TrBIB)90356569
=765  0\$tKongeriket$w999921099234502201$z9788203268656

