=LDR  02185cam a2200397 c 4500
=001  990713788714702202
=005  20230531164934.0
=007  cr||||||||||||
=007  ta
=008  150702s2007\\\\no\||||j\|||||000|f|nob|\
=020  \\$a978-82-03-24960-0$qib.$cNkr 249.00$qAschehoug
=020  \\$a978-82-525-6676-5$z9788052566765$qib.$qBokklubben
=080  \\$a839.6
=082  74$a839.823$qNO-OsNB$25/nor
=100  1\$aNesbø, Jo$d1960-$4aut$0(NO-TrBIB)90356569$1http://viaf.org/viaf/44460209$4http://rdaregistry.info/Elements/w/object/P10061
=240  10$aDoktor Proktors prompepulver$1http://viaf.org/viaf/312386681
=245  10$aDoktor Proktors prompepulver$cJo Nesbø ; tegninger av Per Dybvig
=260  \\$aOslo$bAschehoug$c2007
=300  \\$a205 s.$bill.
=336  \\$atext$2rdacontent$0http://rdaregistry.info/termList/RDAContentType/1020
=337  \\$aunmediated$2rdamedia$0http://rdaregistry.info/termList/RDAMediaType/1007
=338  \\$avolume$2rdacarrier$0http://rdaregistry.info/termList/RDACarrierType/1049
=380  \\$atext$0https://schema.nb.no/Bibliographic/Values/V1000
=500  \\$a15. oppl. med 222 s. og tallet 1 på ryggen
=500  \\$aOpplagshistorikk: 3.-4. oppl. 2007; 15. oppl. 2012
=700  1\$aDybvig, Per$d1964-$4ill$eillustr.$0(NO-TrBIB)90612202$1http://viaf.org/viaf/10543719$4http://rdaregistry.info/Elements/m/object/P30321
=767  0\$6880-01$tPukal'nyj porošok doktora Proktora$w999921928868302201$z978-966-10-6280-0
=767  0\$aNesbø, Jo$tDoktor Proktor a prdicí prášek$w991209060314702201
=767  0\$aNesbø, Jo$tDoktor Proktor i ego volšebnyj porošok$w991328231794702201
=767  0\$aNesbø, Jo$tDoktor Proktor pukipora$w991220224834702201
=767  0\$aNesbø, Jo$tDoktor Proktori puuksupulber$w991403539924702201
=767  0\$aNesbø, Jo$tDoktor Proktors Pupspulver$bSonderausg.$w991443688974702201
=767  0\$aNesbø, Jo$tEl doctor Proctor i les pólvores tirapets$w991313265704702201
=767  0\$aNesbø, Jo$tEl doctor Proctor y los polvos tirapedos$w991313264734702201
=767  0\$aNesbø, Jo$tPrdoprašek doktorja Proktorja$w991420436724702201
=767  0\$aNesbø, Jo$tPrŭc-prachŭt na doktor Proktor$w991328237994702201
=767  0\$aNesbø, Jo$tTohtori Proktorin :$w999920411991502201

