=LDR  01138cim a2200229 c 4500
=001  990715250504702202
=005  20230303140459.0
=007  sd\f||||||||||
=008  140605s2007\\\\no#||||j|||||||f#|||nob|\
=020  \\$a9788242122933$cNkr 249.00
=082  74$a839.823$qNO-OsNB$25/nor
=100  1\$aNesbø, Jo$d1960-$4aut$0(NO-TrBIB)90356569$1http://viaf.org/viaf/44460209$4http://rdaregistry.info/Elements/w/object/P10061
=240  10$aDotor Proktors prompepulver$1http://viaf.org/viaf/312386681
=245  10$aDoktor Proktors prompepulver$cJo Nesbø$h[lydopptak]
=260  \\$a[Melhus]$bLydbokforl.$c2007
=300  \\$a3 plater (CD)(3 t, 7 min)$bdigital$c12 cm, i eske
=336  \\$aspoken word$2rdacontent$0http://rdaregistry.info/termList/RDAContentType/1013
=337  \\$aaudio$2rdamedia$0http://rdaregistry.info/termList/RDAMediaType/1001
=338  \\$aaudio disc$2rdacarrier$0http://rdaregistry.info/termList/RDACarrierType/1004
=380  \\$aspoken word$0https://schema.nb.no/Bibliographic/Values/V1000
=500  \\$aLest av Ivar Nergaard
=500  \\$aPå esken: Barn. Fra 8 år
=700  1\$aNergaard, Ivar$d1964-$4nrt$emedarb.$0(NO-TrBIB)5015263$1http://viaf.org/viaf/226490849$4http://rdaregistry.info/Elements/e/object/P20378

