=LDR  01240cim a2200241 c 4500
=001  990717366204702202
=005  20230313134242.0
=007  cz|nza||||||||
=007  sz\z|nznnnzne|
=008  110826s2007\\\\no#||||js||||||f#|||nob|\
=020  \\$a9788242123862$cNkr 299.00
=082  74$a839.823$qNO-OsNB$25/nor
=100  1\$aNesbø, Jo$d1960-$4aut$0(NO-TrBIB)90356569$1http://viaf.org/viaf/44460209$4http://rdaregistry.info/Elements/w/object/P10061
=240  10$aDoktor Proktors prompepulver$1http://viaf.org/viaf/312386681
=245  10$aDoktor Proktors prompepulver$cJo Nesbø$h[lydopptak]
=260  \\$a[Melhus]$bLydbokforl.$c2007
=300  \\$a1 avspiller med lydfil (3 t, 6 min)$bdigital$eøretelefoner, brukermanual, bæresnor, batterier
=336  \\$aspoken word$2rdacontent$0http://rdaregistry.info/termList/RDAContentType/1013
=337  \\$aaudio$2rdamedia$0http://rdaregistry.info/termList/RDAMediaType/1001
=338  \\$aaudio cartridge$2rdacarrier$0http://rdaregistry.info/termList/RDACarrierType/1002
=380  \\$aspoken word$0https://schema.nb.no/Bibliographic/Values/V1000
=500  \\$aDigital lydbok med integrert avspilling (digibok)
=500  \\$aLest av Ivar Nergaard
=700  1\$aNergaard, Ivar$d1964-$4nrt$emedarb.$0(NO-TrBIB)5015263$1http://viaf.org/viaf/226490849$4http://rdaregistry.info/Elements/e/object/P20378

