=LDR  01314cam a2200253 c 4500
=001  990825888564702202
=005  20230531172616.0
=007  ta
=008  131015s2008\\\\xx#||||j||||||000|f|ger|\
=020  \\$a9783401063041$qib.
=041  1\$hnob
=082  74$a839.823$qNO-OsNB$25/nor
=100  1\$aNesbø, Jo$d1960-$4aut$0(NO-TrBIB)90356569$1http://viaf.org/viaf/44460209$4http://rdaregistry.info/Elements/w/object/P10061
=240  10$aDoktor Proktors prompepulver$1http://viaf.org/viaf/312386681
=245  10$aDoktor Proktors Pupspulver$cJo Nesbø ; aus dem Norwegischen von Hinrich Schmidt-Henkel ; mit Illustrationen von Per Dybvig
=246  1\$aDoktor Proktors prompepulver$iOriginaltittel
=250  \\$a4. Aufl.
=260  \\$aWürzburg$bArena$c2008
=300  \\$a230 s.$bill.
=336  \\$atext$2rdacontent$0http://rdaregistry.info/termList/RDAContentType/1020
=337  \\$aunmediated$2rdamedia$0http://rdaregistry.info/termList/RDAMediaType/1007
=338  \\$avolume$2rdacarrier$0http://rdaregistry.info/termList/RDACarrierType/1049
=380  \\$atext$0https://schema.nb.no/Bibliographic/Values/V1000
=700  1\$aDybvig, Per$d1964-$4ill$eillustr.$0(NO-TrBIB)90612202$1http://viaf.org/viaf/10543719$4http://rdaregistry.info/Elements/m/object/P30321
=700  1\$aSchmidt-Henkel, Hinrich$d1959-$4trl$0(NO-TrBIB)90772685$1http://viaf.org/viaf/79151651$4http://rdaregistry.info/Elements/e/object/P20037

