=LDR  01351cam a2200265 c 4500
=001  990919804884702202
=005  20230531174422.0
=007  ta
=008  131015s2009\\\\xx#||||j||||||000|f|swe|\
=020  \\$a9789164202840$qib.
=041  1\$hnob
=082  74$a839.823$qNO-OsNB$25/nor
=100  1\$aNesbø, Jo$d1960-$4aut$0(NO-TrBIB)90356569$1http://viaf.org/viaf/44460209$4http://rdaregistry.info/Elements/w/object/P10061
=240  10$aDoktor Proktors prompepulver$1http://viaf.org/viaf/312386681
=245  10$aDoktor Proktors pruttpulver$cJo Nesbø ; illustrationer av Per Dybvig ; översättning av Barbro Lagergren
=246  1\$aDoktor Proktors prompepulver$iOriginaltittel
=260  \\$a[Stockholm]$bPiratförlaget$c2009
=300  \\$a230 s.$bill.
=336  \\$atext$2rdacontent$0http://rdaregistry.info/termList/RDAContentType/1020
=337  \\$aunmediated$2rdamedia$0http://rdaregistry.info/termList/RDAMediaType/1007
=338  \\$avolume$2rdacarrier$0http://rdaregistry.info/termList/RDACarrierType/1049
=380  \\$atext$0https://schema.nb.no/Bibliographic/Values/V1000
=490  1\$aLilla piratförlaget
=700  1\$aDybvig, Per$d1964-$4ill$eillustr.$0(NO-TrBIB)90612202$1http://viaf.org/viaf/10543719$4http://rdaregistry.info/Elements/m/object/P30321
=700  1\$aLagergren, Barbro$d1949-$4trl$0(NO-TrBIB)10055585$1http://viaf.org/viaf/74752521$4http://rdaregistry.info/Elements/e/object/P20037
=830  \0$aLilla piratförlaget

