=LDR  01190cam a2200253 c 4500
=001  991018052684702202
=005  20230531190624.0
=007  ta
=008  131015s2010\\\\xx\||||j||||||000|f|eng|\
=020  \\$a9781847386533$qh.
=041  1\$hnob
=082  74$a839.823$qNO-OsNB$25/nor
=100  1\$aNesbø, Jo$d1960-$4aut$0(NO-TrBIB)90356569$1http://viaf.org/viaf/44460209$4http://rdaregistry.info/Elements/w/object/P10061
=240  10$aDoktor Proktors prompepulver$1http://viaf.org/viaf/312386681
=245  10$aDoctor Proctor's fart powder$cJo Nesbø ; illustrated by Mike Lowery
=246  1\$aDoktor Proktors prompepulver$iOriginaltittel
=260  \\$aLondon$bSimon and Schuster$c2010
=300  \\$a265 s.$bill.
=336  \\$atext$2rdacontent$0http://rdaregistry.info/termList/RDAContentType/1020
=337  \\$aunmediated$2rdamedia$0http://rdaregistry.info/termList/RDAMediaType/1007
=338  \\$avolume$2rdacarrier$0http://rdaregistry.info/termList/RDACarrierType/1049
=380  \\$atext$0https://schema.nb.no/Bibliographic/Values/V1000
=490  1\$a[Doctor Proctor's fart powder]
=700  1\$aLowery, Mike$4ill$0(NO-TrBIB)12001835$1http://viaf.org/viaf/78864428$4http://rdaregistry.info/Elements/m/object/P30321
=800  1\$aNesbø, Jo$tDoctor Proctor's fart powder$d1960-

