=LDR  00942cam a2200229 c 4500
=001  991420374004702202
=005  20230601053504.0
=007  ta
=008  140520s2014\\\\no\|||||||||||000|d|nob|\
=082  74$a792.9$qNO-OsNB$25/nor
=100  0\$aMorten Joachim$d1974-$0(NO-TrBIB)8024183$1http://viaf.org/viaf/158145970141932251257$4http://rdaregistry.info/Elements/w/object/P10203
=245  10$aDoktor Proktors prompepulver$cav Jo Nesbø ; dramatisert av Morten Joachim, Ane Skomsvoll og Ivar Nergaard ; bearbeidet av Njål Helge Mjøs og Kjersti Elvik
=250  \\$aVersjon: 21. mars 2014
=260  \\$a[Oslo]$bNationaltheatret$c2014
=300  \\$a83 s.$c30 cm
=336  \\$atext$0http://rdaregistry.info/termList/RDAContentType/1020$2rdaco
=337  \\$auformidlet$0http://rdaregistry.info/termList/RDAMediaType/1007$2rdamt
=338  \\$abind$0http://rdaregistry.info/termList/RDACarrierType/1049$2rdact
=380  \\$atext$0https://schema.nb.no/Bibliographic/Values/V1009
=500  \\$aPremiere Hovedscenen, 6. mars 2014
=700  1\$aElvik, Kjersti$d1969-$emedarb.$0(NO-TrBIB)98067059$1http://viaf.org/viaf/22145971357232331473$4http://rdaregistry.info/Elements/e/object/P20031
=700  1\$aMjøs, Njål Helge$d1977-$emedarb.$0(NO-TrBIB)10016477$1http://viaf.org/viaf/221287925$4http://rdaregistry.info/Elements/e/object/P20401
=700  1\$aNergaard, Ivar$d1964-$0(NO-TrBIB)5015263$1http://viaf.org/viaf/226490849$4http://rdaregistry.info/Elements/w/object/P10203
=700  1\$aNesbø, Jo$d1960-$0(NO-TrBIB)90356569$1http://viaf.org/viaf/44460209$4http://rdaregistry.info/Elements/w/object/P10061
=700  1\$aSkomsvoll, Ane$0(NO-TrBIB)14029250$1http://viaf.org/viaf/48145970233832251826$4http://rdaregistry.info/Elements/w/object/P10203
=710  2\$aNationaltheatret$0(NO-TrBIB)90155924$1http://viaf.org/viaf/295751298$4http://rdaregistry.info/Elements/e/object/P20023
=758  1\$aDoktor Proktors prompepulver$4http://rdaregistry.info/Elements/w/object/P10127

