=LDR  01097cam a2200241 c 4500
=001  999918293014702202
=005  20230609160910.0
=007  cr||||||||||||
=007  ta
=008  140325s1999\\\\no\|||||\|||||000|0|nob|\
=020  \\$a8203182127$qib.$cNkr 308.00
=080  \\$a949.7
=082  74$a949.7$qNO-OsNB$24/nor
=100  1#$aNesbø, Jo$d1960-$1http://viaf.org/viaf/44460209$4http://rdaregistry.info/Elements/w/object/P10061$4aut
=240  10$aStemmer fra Balkan$1https://www.wikidata.org/wiki/Q7607345
=245  10$aStemmer fra Balkan$cJo Nesbø. Atten dager i mai / Espen Søbye
=260  \\$aOslo$bAschehoug$c1999
=300  \\$a337 s., pl.$bill.
=336  \\$atext$2rdacontent$0http://rdaregistry.info/termList/RDAContentType/1020
=337  \\$aunmediated$2rdamedia$0http://rdaregistry.info/termList/RDAMediaType/1007
=338  \\$avolume$2rdacarrier$0http://rdaregistry.info/termList/RDACarrierType/1049
=536  \\$aStøttet av Det faglitterære fond
=700  12$aSøbye, Espen$d1954-$t18 dager i mai$0(NO-TrBIB)90272258$1http://viaf.org/viaf/39457273$4http://rdaregistry.info/Elements/w/object/P10061$4aut

