=LDR  02378cam a2200373 c 4500
=001  999920160689002202
=005  20230601142147.0
=007  ta
=008  210113s2021\\\\no\\\\\e\||||||0|\1\nob|\
=020  \\$a9788203366437$cNkr 379.00$qinnbundet
=020  \\$a9788252591835$gBokklubben
=082  04$a839.8238$qNO-OsBA$223/nor
=100  1\$aNesbø, Jo$d1960-$0(NO-TrBIB)90356569$1http://viaf.org/viaf/44460209$4http://rdaregistry.info/Elements/w/object/P10061$4aut
=240  10$aSjalusimannen og andre fortellinger$1http://viaf.org/viaf/6666163570594316620005
=245  10$aSjalusimannen og andre fortellinger$bfortellinger$cJo Nesbø
=264  \1$aOslo$bAschehoug$c[2021]
=300  \\$a250 sider$c22 cm
=336  \\$atekst$0http://rdaregistry.info/termList/RDAContentType/1020$2rdaco
=337  \\$auformidlet$0http://rdaregistry.info/termList/RDAMediaType/1007$2rdamt
=338  \\$abind$0http://rdaregistry.info/termList/RDACarrierType/1049$2rdact
=501  \\$aInneholder 7 noveller
=520  \\$aEn gresk politietterforsker er ekspert på sjalusi, og blir tilkalt da en tysk turist blir meldt savnet. To tvillingbrødre elsker den samme kvinnen, og en taxisjåfør finner en øredobb i bilen til taxieieren. En kvinne har funnet ut at mannen har hatt en affære med hennes beste venninne, og har besluttet seg for å ta sitt eget liv, men en flytur skal forandre alt. Novellene i denne boken handler om sterke følelser og potensielt dødelig utfall av sjalusi, utroskap og begjær. Novellen «Sjalusimannen» er også utgitt som lyddrama. Omtalen er utarbeidet av BS.
=536  \\$aKulturfond
=700  12$aNesbø, Jo$d1960-$tKøen$0(NO-TrBIB)90356569$1http://viaf.org/viaf/00000001
=700  12$aNesbø, Jo$d1960-$tLondon$0(NO-TrBIB)90356569$1http://viaf.org/viaf/00000002
=700  12$aNesbø, Jo$d1960-$tOdd$0(NO-TrBIB)90356569$1http://viaf.org/viaf/00000003
=700  12$aNesbø, Jo$d1960-$tØredobben$0(NO-TrBIB)90356569$1http://viaf.org/viaf/00000004
=700  12$aNesbø, Jo$d1960-$tSjalusimannen$0(NO-TrBIB)90356569$1http://viaf.org/viaf/00000005
=700  12$aNesbø, Jo$d1960-$tSøppel$0(NO-TrBIB)90356569$1http://viaf.org/viaf/00000006
=700  12$aNesbø, Jo$d1960-$tTilståelsen$0(NO-TrBIB)90356569$1http://viaf.org/viaf/00000007
=767  0\$6880-01$tРевност и други истории$w999921905971502201$z9789543575541
=767  0\$tArmukadeduse ekspert ja teisi lühijutte$w999921689552102201$z978-9985-3-5382-0
=767  0\$tDe la jalousie$w999921847157702201$z978-2-07-294686-8
=767  0\$tGreizsirdis un citi stāsti$w999921642891002201$z978-9934-0-9726-3

